@misc{CME211:2021:FinalProjectPart1,
    Author = {CME211},
    Howpublished = {http://coursework.stanford.edu},
    Month = {November 15},
    Title = {Final Project Part 1},
    Year = {2021}}
    
@misc{CME211:2021:FinalProjectPart2,
    Author = {CME211},
    Howpublished = {http://coursework.stanford.edu},
    Month = {December 7},
    Title = {Final Project Part 2},
    Year = {2021}}
